@misc{website:cdc-data,
      author = "National Safety Council",
      title = "Guns - Injury Facts",
      year = "2017",
      url = "https://injuryfacts.nsc.org/home-and-community/safety-topics/guns/"
}
